% Encoding: UTF-8

@Book{rogers2014level,
  title     = {Level Up! The guide to great video game design},
  publisher = {John Wiley \& Sons},
  year      = {2014},
  author    = {Rogers, Scott},
}

@Electronic{nekej,
  author    = {Luka},
  note      = {Dostopno na: \url{https://tex.stackexchange.com/questions/3587/how-can-i-use-bibtex-to-cite-a-web-page} [01. 02. 2017]},
  timestamp = {2018-02-16},
}

@Article{osborn1953applied,
  author    = {Osborn, Alex F},
  title     = {Applied imagination.},
  year      = {1953},
  publisher = {Scribner's},
}

@Comment{jabref-meta: databaseType:bibtex;}
